[gd_scene load_steps=7 format=2]

[ext_resource path="res://scenes/player.tscn" type="PackedScene" id=1]
[ext_resource path="res://scenes/boss.tscn" type="PackedScene" id=2]

[sub_resource type="ProceduralSky" id=1]
sky_top_color = Color( 0.0196078, 0.92549, 0.117647, 1 )
sky_horizon_color = Color( 0, 0.882353, 1, 1 )
sky_curve = 0.01024
ground_bottom_color = Color( 1, 1, 1, 1 )
ground_horizon_color = Color( 0.34902, 0.862745, 1, 1 )
sun_color = Color( 0, 1, 0.0627451, 1 )

[sub_resource type="Environment" id=2]
background_mode = 1
background_sky = SubResource( 1 )
background_energy = 1.97
ambient_light_color = Color( 1, 1, 1, 1 )
ambient_light_energy = 0.02
ambient_light_sky_contribution = 0.0
fog_color = Color( 1, 1, 1, 1 )
auto_exposure_enabled = true

[sub_resource type="SpatialMaterial" id=3]
albedo_color = Color( 1, 0, 0, 1 )

[sub_resource type="BoxShape" id=4]
extents = Vector3( 35.2777, 7.95962, 47.3562 )

[node name="level_red" type="Spatial"]

[node name="WorldEnvironment" type="WorldEnvironment" parent="."]
environment = SubResource( 2 )

[node name="player_container" parent="." instance=ExtResource( 1 )]
transform = Transform( -0.0165102, 0, 0.999864, 0, 1, 0, -0.999864, 0, -0.0165102, 107.265, -1.10232, 0.156654 )

[node name="DirectionalLight" type="DirectionalLight" parent="."]
transform = Transform( 0.321856, -0.8254, 0.463815, -0.541791, 0.241181, 0.805168, -0.776448, -0.510439, -0.369568, 0, 36.7108, 0 )

[node name="CSGBox" type="CSGBox" parent="."]
use_collision = true
width = 75.0
height = 1.0
depth = 75.0
material = SubResource( 3 )

[node name="CSGBox2" type="CSGBox" parent="."]
transform = Transform( 1, 0, 0, 0, 1, 0, 0, 0, 1, 75.2063, 0.825413, 0 )
use_collision = true
width = 75.0
height = 1.0
depth = 10.6582
material = SubResource( 3 )

[node name="boss" parent="." instance=ExtResource( 2 )]
transform = Transform( 1, 0, 0, 0, 1, 0, 0, 0, 1, -2.06253, 0.636811, 0 )

[node name="Area" type="Area" parent="."]

[node name="CollisionShape" type="CollisionShape" parent="Area"]
transform = Transform( 1, 0, 0, 0, 1, 0, 0, 0, 1, 0, 2.90488, 0 )
shape = SubResource( 4 )

[connection signal="body_entered" from="Area" to="boss" method="spawn"]
